@inproceedings{goodfellow2014generative,
  title={Generative adversarial nets},
  author={Goodfellow, Ian and Pouget-Abadie, Jean and Mirza, Mehdi and Xu, Bing and Warde-Farley, David and Ozair, Sherjil and Courville, Aaron and Bengio, Yoshua},
  booktitle={Advances in Neural Information Processing Systems},
  pages={2672--2680},
  year={2014}
}

@article{dumoulin2016adversarially,
  title={Adversarially learned inference},
  author={Dumoulin, Vincent and Belghazi, Ishmael and Poole, Ben and Lamb, Alex and Arjovsky, Martin and Mastropietro, Olivier and Courville, Aaron},
  journal={International Conference on Learning Representations},
  year={2017}
}

@article{pan2010survey,
  title={A survey on transfer learning},
  author={Pan, Sinno Jialin and Yang, Qiang},
  journal={IEEE Transactions on knowledge and data engineering},
  volume={22},
  number={10},
  pages={1345--1359},
  year={2010},
  publisher={IEEE}
}

@article{jing2017neural,
  title={Neural style transfer: A review},
  author={Jing, Yongcheng and Yang, Yezhou and Feng, Zunlei and Ye, Jingwen and Song, Mingli},
  journal={arXiv preprint arXiv:1705.04058},
  year={2017}
}

@article{donahue2016adversarial,
  title={Adversarial feature learning},
  author={Donahue, Jeff and Kr{\"a}henb{\"u}hl, Philipp and Darrell, Trevor},
  journal={International Conference on Learning Representations2},
  year={2017}
}

@article{arora2017theoretical,
  title={Theoretical limitations of Encoder-Decoder GAN architectures},
  author={Arora, Sanjeev and Risteski, Andrej and Zhang, Yi},
  journal={arXiv preprint arXiv:1711.02651},
  year={2017}
}

@inproceedings{tzeng2017adversarial,
  title={Adversarial discriminative domain adaptation},
  author={Tzeng, Eric and Hoffman, Judy and Saenko, Kate and Darrell, Trevor},
  booktitle={Computer Vision and Pattern Recognition (CVPR)},
  volume={1},
  pages={4},
  year={2017}
}

@article{arjovsky2017wasserstein,
  title={Wasserstein gan},
  author={Arjovsky, Martin and Chintala, Soumith and Bottou, L{\'e}on},
  journal={arXiv preprint arXiv:1701.07875},
  year={2017}
}

@inproceedings{gan2017triangle,
  title={Triangle generative adversarial networks},
  author={Gan, Zhe and Chen, Liqun and Wang, Weiyao and Pu, Yuchen and Zhang, Yizhe and Liu, Hao and Li, Chunyuan and Carin, Lawrence},
  booktitle={Advances in Neural Information Processing Systems},
  pages={5253--5262},
  year={2017}
}